<?xml version="1.0" encoding="UTF-8"?><collection xmlns="http://www.loc.gov/MARC21/slim"><record><leader>00521nam--2200169-i-4500</leader><controlfield tag="001">000035611</controlfield><controlfield tag="002">20161230</controlfield><controlfield tag="005">20161230201040</controlfield><controlfield tag="008">060222s1000------------r-----000-0-eng-d</controlfield><datafield ind1=" " ind2=" " tag="040"><subfield code="a">IFIN-HH</subfield></datafield><datafield ind1=" " ind2=" " tag="080"><subfield code="a">537.534.35</subfield></datafield><datafield ind1="1" ind2=" " tag="100"><subfield code="a">Murr, Lawrence E</subfield></datafield><datafield ind1="1" ind2="0" tag="245"><subfield code="a">Electron and ion microsccopy and microanalysis. principles and applications</subfield><subfield code="b">Optical engineering vol. 1</subfield><subfield code="c">Lawrence e. murr</subfield></datafield><datafield ind1=" " ind2=" " tag="260"><subfield code="a">New York</subfield><subfield code="b">Marcel Dekker, Inc</subfield><subfield code="c">1982</subfield></datafield><datafield ind1=" " ind2=" " tag="300"><subfield code="a">XIV + 793P</subfield></datafield><datafield ind1=" " ind2=" " tag="852"><subfield code="a">78790</subfield><subfield code="c">537.533.35</subfield></datafield><datafield ind1=" " ind2=" " tag="CAT"><subfield code="a">Sys</subfield><subfield code="c">20131128</subfield><subfield code="h">154925</subfield></datafield></record></collection>